@InProceedings{augsten-icde-2010,
  author    = {N. Augsten and D. Barbosa and M. B{\"o}hlen and T. Palpanas},
  title     = {{TASM: Top-k Approximate Subtree Matching}},
  booktitle = {2010 IEEE 26th International Conference on Data Engineering (ICDE 2010)},
  year      = {2010},
  pages     = {353-364},
  month     = {March},
  doi       = {10.1109/ICDE.2010.5447905},
  file      = {TASM\: Top-k Approximate Subtree Matching:augsten-icde-2010.pdf:PDF},
  issn      = {1063-6382},
  keywords  = {XML;computational complexity;tree searching;XML trees;cubic runtime;prefix ring buffer;quadratic space complexity;query tree;top-k approximate subtree matching;tree edit distance;Cleaning;Computer science;Extraterrestrial measurements;Performance evaluation;Runtime;Upper bound;XML},
}

@InProceedings{cohen-sigmod-2013,
  author    = {Cohen, Sara},
  title     = {{Indexing for Subtree Similarity-Search Using Edit Distance}},
  booktitle = {Proceedings of the 2013 ACM SIGMOD International Conference on Management of Data},
  year      = {2013},
  series    = {SIGMOD '13},
  pages     = {49--60},
  address   = {New York, NY, USA},
  publisher = {ACM},
  acmid     = {2463716},
  doi       = {10.1145/2463676.2463716},
  file      = {Indexing for Subtree Similarity-Search Using Edit Distance:cohen-sigmod-2013.pdf:PDF},
  isbn      = {978-1-4503-2037-5},
  keywords  = {edit distance, indexing},
  location  = {New York, New York, USA},
  numpages  = {12},
  url       = {http://doi.acm.org/10.1145/2463676.2463716},
}

@inproceedings{kocher-sigmod-2019,
 author     = {Kocher, Daniel and Augsten, Nikolaus},
 title      = {{A Scalable Index for Top-k Subtree Similarity Queries}},
 booktitle  = {Proceedings of the 2019 International Conference on Management of Data},
 series     = {SIGMOD '19},
 year       = {2019},
 isbn       = {978-1-4503-5643-5},
 location   = {Amsterdam, Netherlands},
 pages      = {1624--1641},
 numpages   = {18},
 url        = {http://doi.acm.org/10.1145/3299869.3319892},
 doi        = {10.1145/3299869.3319892},
 acmid      = {3319892},
 publisher  = {ACM},
 address    = {New York, NY, USA},
 keywords   = {top-k query, top-k subtree similarity, tree edit distance, tree indexing},
} 